@misc{trask2018neuralarithmeticlogicunits,
      title={Neural Arithmetic Logic Units}, 
      author={Andrew Trask and Felix Hill and Scott Reed and Jack Rae and Chris Dyer and Phil Blunsom},
      year={2018},
      eprint={1808.00508},
      archivePrefix={arXiv},
      primaryClass={cs.NE},
      url={https://arxiv.org/abs/1808.00508}, 
}
@misc{ibm_rnn,
    title = {What is a recurrent neural network (RNN?)},
    url = {https://www.ibm.com/think/topics/recurrent-neural-networks},
    note = {Accessed: Oct. 09, 2025}
}

@misc{bowman2015recursiveneuralnetworkslearn,
      title={Recursive Neural Networks Can Learn Logical Semantics}, 
      author={Samuel R. Bowman and Christopher Potts and Christopher D. Manning},
      year={2015},
      eprint={1406.1827},
      archivePrefix={arXiv},
      primaryClass={cs.CL},
      url={https://arxiv.org/abs/1406.1827}, 
}

@misc{tensorflow_keras_rnn,
    title = {Working with {RNN}s},
    author = {Zhu, Scott and Chollet, Francois},
    year = {2023},
    url = {https://www.tensorflow.org/guide/keras/working_with_rnns},
    note = {Accessed: Oct. 09, 2025}
}

@misc{geeksforgeeks_attention_bilstm,
    title = {Adding Attention Layer to a {Bi-LSTM}},
    url = {https://www.geeksforgeeks.org/nlp/adding-attention-layer-to-a-bi-lstm},
    journal = {GeeksforGeeks},
    year = {2025},
    note = {Accessed: Oct. 09, 2025}
}

@misc{vaswani2023attentionneed,
      title={Attention Is All You Need}, 
      author={Ashish Vaswani and Noam Shazeer and Niki Parmar and Jakob Uszkoreit and Llion Jones and Aidan N. Gomez and Lukasz Kaiser and Illia Polosukhin},
      year={2023},
      eprint={1706.03762},
      archivePrefix={arXiv},
      primaryClass={cs.CL},
      url={https://arxiv.org/abs/1706.03762}, 
}

@misc{loshchilov2019decoupledweightdecayregularization,
      title={Decoupled Weight Decay Regularization}, 
      author={Ilya Loshchilov and Frank Hutter},
      year={2019},
      eprint={1711.05101},
      archivePrefix={arXiv},
      primaryClass={cs.LG},
      url={https://arxiv.org/abs/1711.05101}, 
}

@misc{geeksforgeeks_nlp_tokenizing,
  author = {GeeksforGeeks},
  title = {NLP | How tokenizing text, sentence, words works},
  year = {2025},
  url = {https://www.geeksforgeeks.org/nlp/nlp-how-tokenizing-text-sentence-words-works}
}